@article{yao1977probabilistic,
  author = {Andrew C. Yao},
  title = {Probabilistic computations: Toward a unified measure of complexity},
  journal = {Proceedings of the 18th Annual Symposium on Foundations of Computer Science (FOCS)},
  year = {1977},
  pages = {222--227}
}

@article{buhrman2002complexity,
  author = {Harry Buhrman and Ronald de Wolf},
  title = {Complexity measures and decision tree complexity: a survey},
  journal = {Theoretical Computer Science},
  volume = {288},
  number = {1},
  pages = {21--43},
  year = {2002}
}

@article{aggarwal1988input,
  author = {Alok Aggarwal and Jeffrey Vitter},
  title = {The input/output complexity of sorting and related problems},
  journal = {Communications of the ACM},
  volume = {31},
  number = {9},
  pages = {1116--1127},
  year = {1988}
}

@article{fredkin1982conservative,
  author = {Edward Fredkin and Tommaso Toffoli},
  title = {Conservative logic},
  journal = {International Journal of Theoretical Physics},
  volume = {21},
  number = {3--4},
  pages = {219--253},
  year = {1982}
}

@inproceedings{toffoli1977computation,
  author = {Tommaso Toffoli},
  title = {Computation and construction universality of reversible cellular automata},
  booktitle = {Proceedings of the International Conference on Cellular Automata},
  year = {1977}
}

@book{kushilevitz1997communication,
  author = {Eyal Kushilevitz and Noam Nisan},
  title = {Communication Complexity},
  publisher = {Cambridge University Press},
  year = {1997}
}

@article{landauer1961irreversibility,
  author = {Rolf Landauer},
  title = {Irreversibility and heat generation in the computing process},
  journal = {IBM Journal of Research and Development},
  volume = {5},
  number = {3},
  pages = {183--191},
  year = {1961}
}

@article{bennett1973logical,
  author = {Charles H. Bennett},
  title = {Logical reversibility of computation},
  journal = {IBM Journal of Research and Development},
  volume = {17},
  number = {6},
  pages = {525--532},
  year = {1973}
}

@book{nielsen2010quantum,
  author = {Michael A. Nielsen and Isaac L. Chuang},
  title = {Quantum Computation and Quantum Information: 10th Anniversary Edition},
  publisher = {Cambridge University Press},
  year = {2010}
} 